@misc{github,
    author = "{Irie, Keisuke}",
    title = "{quick,draw! prediction model}",
    year = "2017",
    url = "https://github.com/keisukeirie/quickdraw_prediction_model",
    note = "[Online; accessed 20-October-2019]"
  }
  
@article{resnet,
    author = "{He, K., Zhang, X., Ren, S., \& Sun, J}",
    title = {Deep residual learning for image recognition},
    journal = {In Proceedings of the IEEE conference on computer vision and pattern recognition},
    year = 2016,
    pages = {770--778}
}

@misc{quartzcircle,
    author = "{Ha, Thu-Huong, and Sonnad, Nikhil}",
    title = "{How do you draw a circle? We analyzed 100,000 drawings to show how culture shapes our instincts}",
    year = "2017",
    url = "https://qz.com/994486/the-way-you-draw-circles-says-a-lot-about-you/",
    note = "[Online; accessed 20-October-2019]"
  }


  
@article{lenet,
    author = "{Y. LeCun, L. Bottou, Y. Bengio, and P. Haffner}",
    title = {Gradient-based learning applied to document recognition},
    journal = {Proceedings of the IEEE},
    year = "November 1998"
 }
 


@misc{stanford,
    author = "{Guo, K., WoMa, J., Xu, \& E. Quick}",
    title = "{Quick, Draw!Doodle Recognition}",
    year = "2018",
    url = "http://cs229.stanford.edu/proj2018/report/98.pdf",
    note = "[Online; accessed 18-December-2019]"
  }

@misc{kaggle,
    author = "{Rashid,H }",
    title = "{Let's play with Quick Draw!!}",
    year = "2018",
    url = "https://www.kaggle.com/harunshimanto/lets-play-with-quick-draw",
    note = "[Online; accessed 18-December-2019]"
  }